@article{Ottenstein1976,
 author = {Ottenstein, K. J.},
 title = {An Algorithmic Approach to the Detection and Prevention of Plagiarism},
 journal = {SIGCSE Bull.},
 issue_date = {Dec. 1976},
 volume = {8},
 number = {4},
 month = dec,
 year = {1976},
 issn = {0097-8418},
 pages = {30--41},
 numpages = {12},
 url = {http://doi.acm.org/10.1145/382222.382462},
 doi = {10.1145/382222.382462},
 acmid = {382462},
 publisher = {ACM},
 address = {New York, NY, USA},
}
@article{Halstead1972,
 author = {Halstead, M. H.},
 title = {Natural Laws Controlling Algorithm Structure?},
 journal = {SIGPLAN Not.},
 issue_date = {Feb. 1972},
 volume = {7},
 number = {2},
 month = feb,
 year = {1972},
 issn = {0362-1340},
 pages = {19--26},
 numpages = {8},
 url = {http://doi.acm.org/10.1145/953363.953366},
 doi = {10.1145/953363.953366},
 acmid = {953366},
 publisher = {ACM},
 address = {New York, NY, USA},
}
@inproceedings{Halstead1975,
 author = {Halstead, M. H.},
 title = {Toward a Theoretical Basis for Estimating Programming Effort},
 booktitle = {Proceedings of the 1975 Annual Conference},
 series = {ACM '75},
 year = {1975},
 pages = {222--224},
 numpages = {3},
 url = {http://doi.acm.org/10.1145/800181.810326},
 doi = {10.1145/800181.810326},
 acmid = {810326},
 publisher = {ACM},
 address = {New York, NY, USA},
}
@inproceedings{Hamer1982,
 author = {Hamer, P. G. and Frewin, G. D.},
 title = {M.H. Halstead's Software Science - a Critical Examination},
 booktitle = {Proceedings of the 6th International Conference on Software Engineering},
 series = {ICSE '82},
 year = {1982},
 location = {Tokyo, Japan},
 pages = {197--206},
 numpages = {10},
 url = {http://dl.acm.org/citation.cfm?id=800254.807762},
 acmid = {807762},
 publisher = {IEEE Computer Society Press},
 address = {Los Alamitos, CA, USA},
}
@article{Shen1983, 
author={Shen, V. Y. and Conte, S. D. and Dunsmore, H. E.}, 
journal={IEEE Transactions on Software Engineering}, 
title={Software Science Revisited: A Critical Analysis of the Theory and Its Empirical Support}, 
year={1983}, 
volume={SE-9}, 
number={2}, 
pages={155-165}, 
doi={10.1109/TSE.1983.236460}, 
ISSN={0098-5589}, 
month=mar,}
@inproceedings{Bulut1974,
 author = {Bulut, N. and Halstead, M. H. and Bayer, R.},
 title = {Experimental Validation of a Structural Property of Fortran Algorithms},
 booktitle = {Proceedings of the 1974 Annual Conference - Volume 1},
 series = {ACM '74},
 year = {1974},
 pages = {207--211},
 numpages = {5},
 url = {http://doi.acm.org/10.1145/800182.810404},
 doi = {10.1145/800182.810404},
 acmid = {810404},
 publisher = {ACM},
 address = {New York, NY, USA},
}
@article{Fitzsimmons1978,
 author = {Fitzsimmons, A. and Love, T.},
 title = {A Review and Evaluation of Software Science},
 journal = {ACM Comput. Surv.},
 issue_date = {March 1978},
 volume = {10},
 number = {1},
 month = mar,
 year = {1978},
 issn = {0360-0300},
 pages = {3--18},
 numpages = {16},
 url = {http://doi.acm.org/10.1145/356715.356717},
 doi = {10.1145/356715.356717},
 acmid = {356717},
 publisher = {ACM},
 address = {New York, NY, USA},
}
@inproceedings{Oman1989,
 author = {Oman, P. W. and Cook, C. R.},
 title = {Programming Style Authorship Analysis},
 booktitle = {Proceedings of the 17th Conference on ACM Annual Computer Science Conference},
 series = {CSC '89},
 year = {1989},
 isbn = {0-89791-299-3},
 location = {Louisville, Kentucky},
 pages = {320--326},
 numpages = {7},
 url = {http://doi.acm.org/10.1145/75427.75469},
 doi = {10.1145/75427.75469},
 acmid = {75469},
 publisher = {ACM},
 address = {New York, NY, USA},
}
@article{Spafford1993,
 author = {Spafford, E. H. and Weeber, S. A.},
 title = {Software Forensics: Can We Track Code to Its Authors?},
 journal = {Comput. Secur.},
 issue_date = {Oct. 1993},
 volume = {12},
 number = {6},
 month = oct,
 year = {1993},
 issn = {0167-4048},
 pages = {585--595},
 numpages = {11},
 url = {http://dx.doi.org/10.1016/0167-4048(93)90055-A},
 doi = {10.1016/0167-4048(93)90055-A},
 acmid = {179013},
 publisher = {Elsevier Advanced Technology Publications},
 address = {Oxford, UK, UK},
}
@article{Krsul1997,
author = {Krsul, I. and Spafford, E.},
year = {1997},
month = dec,
pages = {233-257},
title = {Authorship analysis: Identifying the author of a program},
volume = {16},
journal = {Computers and Security},
doi = {10.1016/S0167-4048(97)00005-9}
}
@inproceedings{Sallis1996, 
author={Sallis, P. and Aakjaer, A. and MacDonell, S.}, 
booktitle={Proceedings 1996 International Conference Software Engineering: Education and Practice}, 
title={Software forensics: old methods for a new science}, 
year={1996}, 
volume={}, 
number={}, 
pages={481-485}, 
doi={10.1109/SEEP.1996.534037}, 
ISSN={}, 
month=jan,}
@article{Gray1998,
author = {Gray, A. and Sallis, P. and MacDonell, S.},
year = {1998},
month = mar,
pages = {},
title = {Software Forensics: Extending Authorship Analysis Techniques to Computer Programs}
}
@inproceedings{MacDonell1999, 
author={Macdonell, S. G. and Gray, A. R. and MacLennan, G. and Sallis, P. J.}, 
booktitle={ICONIP'99. ANZIIS'99 ANNES'99 ACNN'99. 6th International Conference on Neural Information Processing. Proceedings (Cat. No.99EX378)}, 
title={Software forensics for discriminating between program authors using case-based reasoning, feedforward neural networks and multiple discriminant analysis}, 
year={1999}, 
volume={1}, 
number={}, 
pages={66-71 vol.1}, 
doi={10.1109/ICONIP.1999.843963}, 
ISSN={}, 
month=nov,}
@article{Ding2004,
author = {Ding, H. and Samadzadeh, M.},
year = {2004},
month = jun,
pages = {49-57},
title = {Extraction of Java program fingerprints for software authorship identification},
volume = {72},
journal = {Journal of Systems and Software},
doi = {10.1016/S0164-1212(03)00049-9}
}
@inproceedings{Frantzeskou2006,
author="Frantzeskou, G.
and Stamatatos, E.
and Gritzalis, S.
and Katsikas, S.",
editor="Maglogiannis, I.
and Karpouzis, K.
and Bramer, M.",
title="Source Code Author Identification Based on N-gram Author Profiles",
booktitle="Artificial Intelligence Applications and Innovations",
year="2006",
publisher="Springer US",
address="Boston, MA",
pages="508--515",
isbn="978-0-387-34224-5"
}
@article{Frantzeskou2007,
author = {Frantzeskou, G. and Stamatatos, E. and Gritzalis, S. and Chaski, C. and Stephen H., Blake},
year = {2007},
month = jan,
pages = {},
title = {Identifying Authorship by Byte-Level N-Grams: The Source Code Author Profile (SCAP) Method.},
volume = {6},
journal = {IJDE}
}
@article{Burrows2007,
author = {Burrows, S. and Tahaghoghi, S.M.M.},
year = {2007},
month = jan,
pages = {},
title = {Source code authorship attribution using n-grams},
journal = {ADCS 2007 - Proceedings of the Twelfth Australasian Document Computing Symposium}
}
@article{Krishna2006,
author = {Krishna, S. R. D. and Pujari, A. K.},
year = {2006},
month = dec,
pages = {231-239},
title = {N-gram analysis for computer virus detection},
volume = {2},
journal = {Journal in Computer Virology},
doi = {10.1007/s11416-006-0027-8}
}
@inproceedings{Layton2010, 
author={Layton, R. and Watters, P. and Dazeley, R.}, 
booktitle={2010 eCrime Researchers Summit}, 
title={Automatically determining phishing campaigns using the USCAP methodology}, 
year={2010}, 
volume={}, 
number={}, 
pages={1-8}, 
doi={10.1109/ecrime.2010.5706698}, 
ISSN={2159-1245}, 
month=oct,}
@inproceedings{Kothari2007,
author={Kothari, J. and Shevertalov, M. and Stehle, E. and Mancoridis, S.}, 
booktitle={Fourth International Conference on Information Technology (ITNG'07)}, 
title={A Probabilistic Approach to Source Code Authorship Identification}, 
year={2007}, 
volume={}, 
number={}, 
pages={243-248}, 
doi={10.1109/ITNG.2007.17}, 
ISSN={}, 
month=apr,}
@inproceedings{Vinod2012,
author = {Vinod, B. P.},
year = {2012},
month = jul,
pages = {206-212},
title = {Software Piracy Forensics: A Proposal for Incorporating Dead Codes and Other Programming Blunders as Important Evidence in AFC Test},
isbn = {978-1-4673-2714-5},
doi = {10.1109/COMPSACW.2012.46}
}
@inproceedings{Caliskan2015,
author = {Caliskan-Islam, A. and Harang, R. and Liu, A. and Narayanan, A. and Voss, C. and Yamaguchi, F. and Greenstadt, R.},
title = {De-anonymizing Programmers via Code Stylometry},
booktitle = {24th {USENIX} Security Symposium ({USENIX} Security 15)},
year = {2015},
isbn = {978-1-931971-232},
address = {Washington, D.C.},
pages = {255--270},
url = {https://www.usenix.org/conference/usenixsecurity15/technical-sessions/presentation/caliskan-islam},
publisher = {{USENIX} Association},
}
@inproceedings{Chen2010,
author={Chen, R. and Hong, L. and Lu, C. and Deng, W.}, 
booktitle={2010 IEEE 34th Annual Computer Software and Applications Conference Workshops},
title={Author Identification of Software Source Code with Program Dependence Graphs},
year={2010}, 
volume={}, 
number={}, 
pages={281-286}, 
doi={10.1109/COMPSACW.2010.56}, 
ISSN={}, 
month= jul,}
@article{Leach1995,
 author = {Leach, R. J.},
 title = {Using Metrics to Evaluate Student Programs},
 journal = {SIGCSE Bull.},
 issue_date = {June 1995},
 volume = {27},
 number = {2},
 month = jun,
 year = {1995},
 issn = {0097-8418},
 pages = {41--43},
 numpages = {3},
 url = {http://doi.acm.org/10.1145/201998.202010},
 doi = {10.1145/201998.202010},
 acmid = {202010},
 publisher = {ACM},
 address = {New York, NY, USA},
}
@inproceedings{Lange2007,
 author = {Lange, R. C. and Mancoridis, S.},
 title = {Using Code Metric Histograms and Genetic Algorithms to Perform Author Identification for Software Forensics},
 booktitle = {Proceedings of the 9th Annual Conference on Genetic and Evolutionary Computation},
 series = {GECCO '07},
 year = {2007},
 isbn = {978-1-59593-697-4},
 location = {London, England},
 pages = {2082--2089},
 numpages = {8},
 url = {http://doi.acm.org/10.1145/1276958.1277364},
 doi = {10.1145/1276958.1277364},
 acmid = {1277364},
 publisher = {ACM},
 address = {New York, NY, USA},
}
@inproceedings{Shevertalov2009, 
author={Shevertalov, M. and Kothari, J. and Stehle, E. and Mancoridis, S.}, 
booktitle={2009 1st International Symposium on Search Based Software Engineering}, 
title={On the Use of Discretized Source Code Metrics for Author Identification}, 
year={2009}, 
volume={}, 
number={}, 
pages={69-78}, 
doi={10.1109/SSBSE.2009.18}, 
ISSN={}, 
month=may,}
@article{Bandara2013,
 author = {Bandara, U. and Wijayarathna, G.},
 title = {Source Code Author Identification with Unsupervised Feature Learning},
 journal = {Pattern Recogn. Lett.},
 issue_date = {February, 2013},
 volume = {34},
 number = {3},
 month = feb,
 year = {2013},
 issn = {0167-8655},
 pages = {330--334},
 numpages = {5},
 url = {http://dx.doi.org/10.1016/j.patrec.2012.10.027},
 doi = {10.1016/j.patrec.2012.10.027},
 acmid = {2423074},
 publisher = {Elsevier Science Inc.},
 address = {New York, NY, USA},
}
@inproceedings{Rosenblum2011,
 author = {Rosenblum, N. and Zhu, X. and Miller, B. P.},
 title = {Who Wrote This Code? Identifying the Authors of Program Binaries},
 booktitle = {Proceedings of the 16th European Conference on Research in Computer Security},
 series = {ESORICS'11},
 year = {2011},
 isbn = {978-3-642-23821-5},
 location = {Leuven, Belgium},
 pages = {172--189},
 numpages = {18},
 url = {http://dl.acm.org/citation.cfm?id=2041225.2041239},
 acmid = {2041239},
 publisher = {Springer-Verlag},
 address = {Berlin, Heidelberg},
}
@inproceedings{Alsulami2017,
  author="Alsulami, B.
  and Dauber, E.
  and Harang, R.
  and Mancoridis, S.
  and Greenstadt, R.",
  editor="Foley, S. N.
  and Gollmann, D.
  and Snekkenes, E.",
  title="Source Code Authorship Attribution Using Long Short-Term Memory Based Networks",
  booktitle="Computer Security -- ESORICS 2017",
  year="2017",
  publisher="Springer International Publishing",
  address="Cham",
  pages="65--82",
  isbn="978-3-319-66402-6"
}
@article{Simko2018,
  author = "Simko, L. and Zettlemoyer, L. and Kohno, T.",
  title = "Recognizing and Imitating Programmer Style: Adversaries in Program Authorship Attribution",
  journal = "Proceedings on Privacy Enhancing Technologies",
  year = "2018",
  volume = "2018",
  number = "1",
  pages = "127--144",
  url = "https://content.sciendo.com/view/journals/popets/2018/1/article-p127.xml"
}
@article{Dauber2017,
  author = {Dauber, E. and Caliskan-Islam, A. and Harang, R. and Greenstadt, R.},
  year = {2017},
  month = jan,
  pages = {},
  title = {Git Blame Who?: Stylistic Authorship Attribution of Small, Incomplete Source Code Fragments}
}
@inproceedings{Rosenblum2011-2,
 author = {Rosenblum, N. and Miller, B. P. and Zhu, X.},
 title = {Recovering the Toolchain Provenance of Binary Code},
 booktitle = {Proceedings of the 2011 International Symposium on Software Testing and Analysis},
 series = {ISSTA '11},
 year = {2011},
 isbn = {978-1-4503-0562-4},
 location = {Toronto, Ontario, Canada},
 pages = {100--110},
 numpages = {11},
 url = {http://doi.acm.org/10.1145/2001420.2001433},
 doi = {10.1145/2001420.2001433},
 acmid = {2001433},
 publisher = {ACM},
 address = {New York, NY, USA},
}
@inproceedings{Rosenblum2010,
 author = {Rosenblum, N. E. and Miller, B. P. and Zhu, X.},
 title = {Extracting Compiler Provenance from Program Binaries},
 booktitle = {Proceedings of the 9th ACM SIGPLAN-SIGSOFT Workshop on Program Analysis for Software Tools and Engineering},
 series = {PASTE '10},
 year = {2010},
 isbn = {978-1-4503-0082-7},
 location = {Toronto, Ontario, Canada},
 pages = {21--28},
 numpages = {8},
 url = {http://doi.acm.org/10.1145/1806672.1806678},
 doi = {10.1145/1806672.1806678},
 acmid = {1806678},
 publisher = {ACM},
 address = {New York, NY, USA},
}
@article{Keselj2003,
author = {Keselj, V. and Peng, F. and Cercone, N. and Thomas, C.},
year = {2003},
month = sep,
pages = {},
title = {N-Gram-Based Author Profiles For Authorship Attribution},
journal = {Proceedings of the Conference Pacific Association for Computational Linguistics PACLING'03: 2003}
}
@article{Hayes2008,
author = {Hayes, J. H.},
year = {2008},
volume= {15},
number= {2},
pages = {79--99},
title = {Authorship attribution: A principal component and linear discriminant analysis of the consistent programmer hypothesis},
journal = {International Journal on Computers and Their Applications}
}
@article{Hayes2010,
author = {Hayes, J. H. and Offutt, J.},
title = {Recognizing authors: an examination of the consistent programmer hypothesis},
journal = {Software Testing, Verification and Reliability},
volume = {20},
number = {4},
pages = {329--356},
doi = {10.1002/stvr.412},
url = {https://onlinelibrary.wiley.com/doi/abs/10.1002/stvr.412},
eprint = {https://onlinelibrary.wiley.com/doi/pdf/10.1002/stvr.412},
year = {2010}
}
@article{Wisse2015,
author = {Wisse, W. and Veenman, C.},
year = {2015},
month = oct,
pages = {},
title = {Scripting DNA: Identifying the JavaScript programmer},
volume = {15},
journal = {Digital Investigation},
doi = {10.1016/j.diin.2015.09.001}
}
@inproceedings{Meng2016,
 author = {Meng, X.},
 title = {Fine-grained Binary Code Authorship Identification},
 booktitle = {Proceedings of the 2016 24th ACM SIGSOFT International Symposium on Foundations of Software Engineering},
 series = {FSE 2016},
 year = {2016},
 isbn = {978-1-4503-4218-6},
 location = {Seattle, WA, USA},
 pages = {1097--1099},
 numpages = {3},
 url = {http://doi.acm.org/10.1145/2950290.2983962},
 doi = {10.1145/2950290.2983962},
 acmid = {2983962},
 publisher = {ACM},
 address = {New York, NY, USA},
} 
@article{Elenbogen2008,
 author = {Elenbogen, B. S. and Seliya, N.},
 title = {Detecting Outsourced Student Programming Assignments},
 journal = {J. Comput. Sci. Coll.},
 issue_date = {January 2008},
 volume = {23},
 number = {3},
 month = jan,
 year = {2008},
 issn = {1937-4771},
 pages = {50--57},
 numpages = {8},
 url = {http://dl.acm.org/citation.cfm?id=1295109.1295123},
 acmid = {1295123},
 publisher = {Consortium for Computing Sciences in Colleges},
 address = {USA},
}
@book{Quinlan1993,
 author = {Quinlan, J. R.},
 title = {C4.5: Programs for Machine Learning},
 year = {1993},
 isbn = {1558602402},
 publisher = {Morgan Kaufmann Publishers Inc.},
 address = {San Francisco, CA, USA},
}
@article{Young2018,
author = {Young, T. and Hazarika, D. and Poria, S. and Cambria, E.},
year = {2018},
month = aug,
pages = {55-75},
title = {Recent Trends in Deep Learning Based Natural Language Processing [Review Article]},
volume = {13},
journal = {IEEE Computational Intelligence Magazine},
doi = {10.1109/MCI.2018.2840738}
}
@incollection{Jordan1990,
 author = {Jordan, M. I.},
 chapter = {Attractor Dynamics and Parallelism in a Connectionist Sequential Machine},
 title = {Artificial Neural Networks},
 editor = {Diederich, Joachim},
 year = {1990},
 isbn = {0-8186-2015-3},
 pages = {112--127},
 numpages = {16},
 url = {http://dl.acm.org/citation.cfm?id=104134.104148},
 acmid = {104148},
 publisher = {IEEE Press},
 address = {Piscataway, NJ, USA},
} 
@article{Hochreiter1997,
author = {Hochreiter, S. and Schmidhuber, J.},
year = {1997},
month = dec,
pages = {1735-80},
title = {Long Short-term Memory},
volume = {9},
journal = {Neural computation},
doi = {10.1162/neco.1997.9.8.1735}
}
@inproceedings{Tai2015,
    title = "Improved Semantic Representations From Tree-Structured Long Short-Term Memory Networks",
    author = "Tai, K. S. and
      Socher, R. and
      Manning, C. D.",
    booktitle = "Proceedings of the 53rd Annual Meeting of the Association for Computational Linguistics and the 7th International Joint Conference on Natural Language Processing (Volume 1: Long Papers)",
    month = jul,
    year = "2015",
    address = "Beijing, China",
    publisher = "Association for Computational Linguistics",
    url = "https://www.aclweb.org/anthology/P15-1150",
    doi = "10.3115/v1/P15-1150",
    pages = "1556--1566",
}
@inproceedings{Kennedy1995, 
author={Kennedy, J. and Eberhart, R.}, 
booktitle={Proceedings of ICNN'95 - International Conference on Neural Networks}, 
title={Particle swarm optimization}, 
year={1995}, 
volume={4}, 
number={}, 
pages={1942-1948 vol.4}, 
doi={10.1109/ICNN.1995.488968}, 
ISSN={}, 
month= nov,}
@article{Alon2018,
 author = {Alon, U. and Zilberstein, M. and Levy, O. and Yahav, E.},
 title = {A General Path-based Representation for Predicting Program Properties},
 journal = {SIGPLAN Not.},
 issue_date = {April 2018},
 volume = {53},
 number = {4},
 month = jun,
 year = {2018},
 issn = {0362-1340},
 pages = {404--419},
 numpages = {16},
 url = {http://doi.acm.org/10.1145/3296979.3192412},
 doi = {10.1145/3296979.3192412},
 acmid = {3192412},
 publisher = {ACM},
 address = {New York, NY, USA},
}
@article{Alon2019,
 author = {Alon, U. and Zilberstein, M. and Levy, O. and Yahav, E.},
 title = {Code2Vec: Learning Distributed Representations of Code},
 journal = {Proc. ACM Program. Lang.},
 issue_date = {January 2019},
 volume = {3},
 number = {POPL},
 month = jan,
 year = {2019},
 issn = {2475-1421},
 pages = {40:1--40:29},
 articleno = {40},
 numpages = {29},
 url = {http://doi.acm.org/10.1145/3290353},
 doi = {10.1145/3290353},
 acmid = {3290353},
 publisher = {ACM},
 address = {New York, NY, USA},
}
@article{Yang2017,
    author = {Yang, X. and Xu, G. and Li, Q. and Guo, Y. and Zhang, M.},
    journal = {PLOS ONE},
    publisher = {Public Library of Science},
    title = {Authorship attribution of source code by using back propagation neural network based on particle swarm optimization},
    year = {2017},
    month = nov,
    volume = {12},
    url = {https://doi.org/10.1371/journal.pone.0187204},
    pages = {1-18},
    number = {11},
    doi = {10.1371/journal.pone.0187204}
}
@article{Albrecht1983, 
author={Albrecht, A. J. and Gaffney, J. E.}, 
journal={IEEE Transactions on Software Engineering}, 
title={Software Function, Source Lines of Code, and Development Effort Prediction: A Software Science Validation}, 
year={1983}, 
volume={SE-9}, 
number={6}, 
pages={639-648}, 
doi={10.1109/TSE.1983.235271}, 
ISSN={0098-5589}, 
month=nov,}
@inproceedings{Liu2006,
 author = {Liu, C. and Chen, C. and Han, J. and Yu, P. S.},
 title = {GPLAG: Detection of Software Plagiarism by Program Dependence Graph Analysis},
 booktitle = {Proceedings of the 12th ACM SIGKDD International Conference on Knowledge Discovery and Data Mining},
 series = {KDD '06},
 year = {2006},
 isbn = {1-59593-339-5},
 location = {Philadelphia, PA, USA},
 pages = {872--881},
 numpages = {10},
 url = {http://doi.acm.org/10.1145/1150402.1150522},
 doi = {10.1145/1150402.1150522},
 acmid = {1150522},
 publisher = {ACM},
 address = {New York, NY, USA},
}
@inproceedings{Zhang2017,
  title={Authorship Identification of Source Codes},
  author={Zhang, C. and Wang, S. and Wu, J. and Niu, Z.},
  booktitle={APWeb/WAIM},
  year={2017}
}
@online{GithubStats,
  author = "",
  title = "The State of the Octoverse",
  year = {2018},
  url = {https://octoverse.github.com/},
  language = "english"
}
@inproceedings{GumTree,
  author    = {Falleri, J. and
              Morandat, F. and
              Blanc, X. and
              Martinez, M. and
              Monperrus, M.},
  title     = {Fine-grained and accurate source code differencing},
  booktitle = {{ACM/IEEE} International Conference on Automated Software Engineering,
               {ASE} '14, Vasteras, Sweden - September 15 - 19, 2014},
  pages     = {313--324},
  year      = {2014},
  url       = {http://doi.acm.org/10.1145/2642937.2642982},
  doi       = {10.1145/2642937.2642982}
}
@article{Robertson2009,
 author = {Robertson, S. and Zaragoza, H.},
 title = {The Probabilistic Relevance Framework: BM25 and Beyond},
 journal = {Found. Trends Inf. Retr.},
 issue_date = {April 2009},
 volume = {3},
 number = {4},
 month = apr,
 year = {2009},
 issn = {1554-0669},
 pages = {333--389},
 numpages = {57},
 url = {http://dx.doi.org/10.1561/1500000019},
 doi = {10.1561/1500000019},
 acmid = {1704810},
 publisher = {Now Publishers Inc.},
 address = {Hanover, MA, USA},
} 
@inproceedings{Attention,
  author    = {Bahdanau, D. and
               Cho, K. and
               Bengio, Y.},
  title     = {Neural Machine Translation by Jointly Learning to Align and Translate},
  booktitle = {3rd International Conference on Learning Representations, {ICLR} 2015,
               San Diego, CA, USA, May 7-9, 2015, Conference Track Proceedings},
  year      = {2015},
  url       = {http://arxiv.org/abs/1409.0473},
  biburl    = {https://dblp.org/rec/bib/journals/corr/BahdanauCB14},
  bibsource = {dblp computer science bibliography, https://dblp.org}
}
@inproceedings{He2016, 
author={He, K. and Zhang, X. and Ren, S. and Sun, J.}, 
booktitle={2016 IEEE Conference on Computer Vision and Pattern Recognition (CVPR)}, 
title={Deep Residual Learning for Image Recognition}, 
year={2016}, 
volume={}, 
number={}, 
pages={770-778}, 
doi={10.1109/CVPR.2016.90}, 
ISSN={1063-6919}, 
month=jun,}
@article{Zhang2018-speech,
 author = {Zhang, Z. and Geiger, J. and Pohjalainen, J. and Mousa, A. E. and Jin, W. and Schuller, B.},
 title = {Deep Learning for Environmentally Robust Speech Recognition: An Overview of Recent Developments},
 journal = {ACM Trans. Intell. Syst. Technol.},
 issue_date = {July 2018},
 volume = {9},
 number = {5},
 month = apr,
 year = {2018},
 issn = {2157-6904},
 pages = {49:1--49:28},
 articleno = {49},
 numpages = {28},
 url = {http://doi.acm.org/10.1145/3178115},
 doi = {10.1145/3178115},
 acmid = {3178115},
 publisher = {ACM},
 address = {New York, NY, USA},
} 
@article{Adam,
author = {Kingma, D. and Ba, J.},
year = {2014},
month = dec,
pages = {},
title = {Adam: A Method for Stochastic Optimization},
journal = {International Conference on Learning Representations}
}